@article{CaSS,
  title   = {Time-Space Tradeoffs for Satisfiability},
  author  = {Lance Fortnow},
  journal = {Journal of Computer and 
              System Sciences},
  year    = {2000},
  volume  = {60},
  pages   = {337-353}
}
@INPROCEEDINGS{CC,
  author={L. Fortnow and D. van Melkebeek},
  booktitle={Computational Complexity, 2000. Proceedings. 15th Annual IEEE
    Conference on},
  title={Time-space tradeoffs for nondeterministic computation},
  year={2000},
  pages={2-13},
  doi={10.1109/CCC.2000.856730},
  ISSN={1093-0159},
  month={},}
